<?xml version="1.0" encoding="UTF-8"?><collection xmlns="http://www.loc.gov/MARC21/slim"><record><leader>00429nam--2200133-i-4500</leader><controlfield tag="001">000003052</controlfield><controlfield tag="002">20161230</controlfield><controlfield tag="005">20161230201025</controlfield><controlfield tag="008">060222s1000------------r-----000-0-eng-d</controlfield><datafield ind1=" " ind2=" " tag="080"><subfield code="a">511+512(075.0):62</subfield></datafield><datafield ind1=" " ind2=" " tag="100"><subfield code="a">Aisberg, E</subfield></datafield><datafield ind1=" " ind2=" " tag="245"><subfield code="a">Mathematiques pour techniciens.cours prepa- rant a l etude de la radio et d autres tech- niques.arithmetique et algebre.2-em ed-</subfield></datafield><datafield ind1=" " ind2=" " tag="260"><subfield code="a">Paris, Soc.Des Ed.Radio, 1955 287 P</subfield></datafield><datafield ind1=" " ind2=" " tag="852"><subfield code="a">11874</subfield></datafield></record></collection>